<?xml version="1.0" encoding="UTF-8"?><record xmlns="http://www.loc.gov/MARC21/slim" xmlns:cinclude="http://apache.org/cocoon/include/1.0" xmlns:zs="http://www.loc.gov/zing/srw/">
  <leader>00411nz  a2200121n  4500</leader>
  <controlfield tag="001">n  86801735 </controlfield>
  <controlfield tag="003">DLC</controlfield>
  <controlfield tag="005">19860115092010.9</controlfield>
  <controlfield tag="008">860115n| acannaab|          |n aad |||  </controlfield>
  <datafield tag="010" ind1=" " ind2=" ">
    <subfield code="a">n  86801735 </subfield>
  </datafield>
  <datafield tag="040" ind1=" " ind2=" ">
    <subfield code="a">DLC</subfield>
    <subfield code="c">DLC</subfield>
  </datafield>
  <datafield tag="100" ind1="1" ind2="0">
    <subfield code="a">Wild, Ralph Josef,</subfield>
    <subfield code="d">1951-</subfield>
  </datafield>
  <datafield tag="670" ind1=" " ind2=" ">
    <subfield code="a">nuc86-3316: His Ballast- und NaĚhrstoffgehalt der SaĚuglingsnahrung, 1981</subfield>
    <subfield code="b">(hdg. on CU-M rept.: Wild, Ralph Josef, 1951- ; usage: Ralph Josef Wild)</subfield>
  </datafield>
</record>